%Includerea bibliografiei



@book{1,
   author = {Ivica Crnkovic and Magnus Larsson},
   title = {Building Reliable Component-Based Software Systems},
   year = {2002},
   isbn = {ISBN 1-58053-327-2},
   publisher = {Artech House publisher},
   url = {http://www.mrtc.mdh.se/index.phtml?choice=publications&id=0411},
}
	 
